<record xmlns="http://www.loc.gov/MARC21/slim">
  <leader>02185nam a2200361 i 4500</leader>
  <controlfield tag="001">003678236</controlfield>
  <controlfield tag="005">20090415142131.0</controlfield>
  <controlfield tag="008">061002s1897 ru || ||1 ||rus d</controlfield>
  <datafield tag="035" ind1=" " ind2=" ">
    <subfield code="a">(NLR)rc\1691348</subfield>
  </datafield>
  <datafield tag="040" ind1=" " ind2=" ">
    <subfield code="a">RuMoRGB</subfield>
    <subfield code="b">rus</subfield>
    <subfield code="c">Prosoft-M</subfield>
    <subfield code="d">RuMoRGB</subfield>
    <subfield code="e">rcr</subfield>
  </datafield>
  <datafield tag="041" ind1="0" ind2=" ">
    <subfield code="a">rus</subfield>
  </datafield>
  <datafield tag="044" ind1=" " ind2=" ">
    <subfield code="a">ru</subfield>
  </datafield>
  <datafield tag="084" ind1=" " ind2=" ">
    <subfield code="a">Э372.24-346.1-028.2Никон,0</subfield>
    <subfield code="2">rubbk</subfield>
  </datafield>
  <datafield tag="245" ind1="0" ind2="0">
    <subfield code="a">Дело о патриархе Никоне :</subfield>
    <subfield code="b">издание Археографической комиссии по документам Московской синодальной (бывшей Патриаршей)
      библиотеки
    </subfield>
  </datafield>
  <datafield tag="260" ind1=" " ind2=" ">
    <subfield code="a">Санкт-Петербург</subfield>
    <subfield code="b">Т-во "Печатня С. П. Яковлева"</subfield>
    <subfield code="c">1897</subfield>
  </datafield>
  <datafield tag="300" ind1=" " ind2=" ">
    <subfield code="a">XXXII, 453, 21, [1] с.</subfield>
    <subfield code="c">27 см</subfield>
  </datafield>
  <datafield tag="500" ind1=" " ind2=" ">
    <subfield code="a">Указ.</subfield>
  </datafield>
  <datafield tag="533" ind1=" " ind2=" ">
    <subfield code="a">Имеется электронная копия</subfield>
  </datafield>
  <datafield tag="600" ind1="0" ind2="4">
    <subfield code="a">Никон</subfield>
    <subfield code="c">Минов Никита</subfield>
    <subfield code="c">патриарх</subfield>
    <subfield code="d">1605-1681</subfield>
    <subfield code="0">(RuMoRGB) 000040707</subfield>
  </datafield>
  <datafield tag="650" ind1=" " ind2="7">
    <subfield code="a">Религия -- Христианство -- Православие -- Русская православная церковь -- История Русской
      православной церкви -- Русская православная церковь с 9 в. до 1861 г. -- Русская православная церковь с 20-х гг.
      17 в. до кон. 18 в. -- Русская православная церковь в 17 в. (с 20-х гг.) -- Персоналии религиозных деятелей --
      Главы церкви -- Никон (Минов, Никита (1605-1681) - патриарх
    </subfield>
    <subfield code="2">rubbk</subfield>
  </datafield>
  <datafield tag="651" ind1=" " ind2="7">
    <subfield code="a">Россия</subfield>
    <subfield code="2">rubbk</subfield>
  </datafield>
  <datafield tag="710" ind1="1" ind2=" ">
    <subfield code="a">Россия</subfield>
    <subfield code="b">Археографическая комиссия</subfield>
    <subfield code="0">(RuMoRGB)118342</subfield>
  </datafield>
  <datafield tag="710" ind1="2" ind2=" ">
    <subfield code="a">Московская синодальная библиотека</subfield>
    <subfield code="0">(RuMoRGB)49911</subfield>
  </datafield>
  <datafield tag="852" ind1="4" ind2=" ">
    <subfield code="a">РГБ</subfield>
    <subfield code="b">FB</subfield>
    <subfield code="j">T 95/248</subfield>
    <subfield code="x">70</subfield>
  </datafield>
  <datafield tag="852" ind1="4" ind2=" ">
    <subfield code="a">РГБ</subfield>
    <subfield code="b">FB</subfield>
    <subfield code="j">U 185/1010</subfield>
    <subfield code="x">70</subfield>
  </datafield>
  <datafield tag="852" ind1="4" ind2=" ">
    <subfield code="a">РГБ</subfield>
    <subfield code="b">FB</subfield>
    <subfield code="j">E 52/271</subfield>
    <subfield code="x">70</subfield>
  </datafield>
  <datafield tag="852" ind1=" " ind2=" ">
    <subfield code="a">РГБ</subfield>
    <subfield code="b">OR</subfield>
    <subfield code="j">2/Д-29</subfield>
    <subfield code="x">84</subfield>
  </datafield>
  <datafield tag="856" ind1="4" ind2="1">
    <subfield code="q">application/pdf</subfield>
    <subfield code="u">http://dlib.rsl.ru/rsl01003000000/rsl01003678000/rsl01003678236/rsl01003678236.pdf</subfield>
  </datafield>
  <datafield tag="979" ind1=" " ind2=" ">
    <subfield code="a">fb19vrus</subfield>
  </datafield>
  <datafield tag="979" ind1=" " ind2=" ">
    <subfield code="a">plib</subfield>
  </datafield>
  <datafield tag="979" ind1=" " ind2=" ">
    <subfield code="a">dluniv</subfield>
  </datafield>
  <datafield tag="979" ind1=" " ind2=" ">
    <subfield code="a">dlopen</subfield>
  </datafield>
  <datafield tag="979" ind1=" " ind2=" ">
    <subfield code="a">plib1</subfield>
  </datafield>
</record>
